@ARTICLE { alkwai-tois17,
    AUTHOR = { Lulwah Alkwai and Michael L. Nelson and Michele C. Weigle },
    TITLE = { Comparing the Archival Rate of Arabic, English, Danish, and Korean Language Web Pages },
    JOURNAL = { ACM Transactions on Information Systems (TOIS) },
    YEAR = { 2017 },
    VOLUME = { 36 },
    NUMBER = { 1 },
    URL = { http://dl.acm.org/authorize?N39430 },
    DOI = { 10.1145/3041656 },
    PAGES = { 1:1--1:34 },
    MONTH = jul,
}

@INPROCEEDINGS { berlin-jcdl17,
    AUTHOR = { John Berlin and Mat Kelly and Michael L. Nelson and Michele C. Weigle },
    TITLE = { WAIL: Collection-Based Personal Web Archiving },
    BOOKTITLE = { Proceedings of the ACM/IEEE Joint Conference on Digital Libraries (JCDL) },
    YEAR = { 2017 },
    MONTH = jun,
    ADDRESS = { Toronto, Ontario, Canada },
    PAGES = { 340--341 }
}

@INPROCEEDINGS { alnoamany-websci17,
    AUTHOR = { Yasmin AlNoamany and Michele C. Weigle and Michael L. Nelson },
    TITLE = { Generating Stories from Archived Collections },
    BOOKTITLE = { Proceedings of the 9th International ACM Web Science Conference },
    YEAR = { 2017 },
    MONTH = jun,
    ADDRESS = { Troy, NY }
}

@MISC { weigle-capwic15,
    AUTHOR = { Michele C. Weigle },
    TITLE = { What's Grad School All About? },
    HOWPUBLISHED = { Talk given at the Capital Region Celebration of Women in Computing (CAPWIC) },
    YEAR = { 2015 },
    MONTH = feb,
    ADDRESS = { Harrisonburg, VA }
}

@article{kessler2017scattertext,
  author    = {Kessler, Jason S.},
  title     = {Scattertext: a Browser-Based Tool for Visualizing how Corpora Differ},
  booktitle = {Proceedings of ACL-2017 System Demonstrations},
  year      = {2017},
  address   = {Vancouver, Canada},
  publisher = {Association for Computational Linguistics},
}

@MISC { twit-worldlist,
    TITLE = { World Leaders Verified by Twitter},
    URL = { https://twitter.com/verified/lists/world-leaders/members?lang=en },
    AUTHOR = { Twitter Verified },
}

@INPROCEEDINGS { fta-vis,
    AUTHOR = { Andreas Dur and Leonardo Baccini and Manfred Elsig },
    TITLE = { The Design of International Trade Agreements: Introducing a New Dataset },
    BOOKTITLE = { Forthcoming in the Review of International Organizations },
    YEAR = { 2014 },
    URL = { http://www.ftavis.com/#2020_Worldwide }
}

@MISC { tblob,
    TITLE = { Textblob Natural Language Processing},
    URL = { http://textblob.readthedocs.io/en/dev/api_reference.html },
    AUTHOR = { Steven Loria },
}

@article{wlviz,
  author    = {Grant Atkins},
  title     = {World Leader Interactions on Social Media (Twitter)},
  year      = {2017},
  month     = dec,
  URL       = {http://www.cs.odu.edu/~gatkins/world-leader-vis/app/},
}
